@String{EASE = {International Conference on Evaluation and Assessment in Software Engineering}}
@String{IST = {Information and Software Technology}}
@String{JSS = {Journal of Systems and Software}}

@incollection{houde1997prototypes,
  title={What do prototypes prototype?},
  author={Houde, Stephanie and Hill, Charles},
  booktitle={Handbook of human-computer interaction},
  pages={367--381},
  year={1997},
  publisher={Elsevier}
}

@Book{Robertson2012,
  author    = {Suzanne Robertson and James Robertson},
  title     = {Mastering the Requirements Process: Getting Requirements Righ},
  year      = {2012},
  date      = {2012-08-06},
  publisher = {Addison-Wesley Professional},
  isbn      = {978-0-13-294285-0}
}

@Book{Stevens2005,
  author    = {P. Stevens and R. Pooley},
  title     = {Software Engineering with Objects and Components},
  year      = {2005},
  publisher = {Springer},
}

@article{adipat2005interface,
  title={Interface design for mobile applications},
  author={Adipat, Boonlit and Zhang, Dongsong},
  journal={AMCIS 2005 proceedings},
  pages={494},
  year={2005}
}

@article{punchoojit2017usability,
  title={Usability studies on mobile user interface design patterns: a systematic literature review},
  author={Punchoojit, Lumpapun and Hongwarittorrn, Nuttanont},
  journal={Advances in Human-Computer Interaction},
  volume={2017},
  year={2017},
  publisher={Hindawi}
}

@inproceedings{santos2016guidelines,
  title={Guidelines for graphical user interface design in mobile augmented reality applications},
  author={Santos, Carlos and Miranda, Brunelli and Araujo, Tiago and Carneiro, Nikolas and Marques, Anderson and Mota, Marcelle and Morais, Jefferson and Meiguins, Bianchi},
  booktitle={International Conference on Virtual, Augmented and Mixed Reality},
  pages={71--80},
  year={2016},
  organization={Springer}
}

@article{renaud2017demarcating,
  title={Demarcating mobile phone interface design guidelines to expedite selection},
  author={Renaud, Karen and Van Biljon, Judy},
  journal={South African Computer Journal},
  volume={29},
  number={3},
  pages={127--144},
  year={2017},
  publisher={South African Computer Society (SAICSIT)}
}

@article{conradi2015optimal,
  title={Optimal touch button size for the use of mobile devices while walking},
  author={Conradi, Jessica and Busch, Olivia and Alexander, Thomas},
  journal={Procedia Manufacturing},
  volume={3},
  pages={387--394},
  year={2015},
  publisher={Elsevier}
}

@inproceedings{parhi2006target,
  title={Target size study for one-handed thumb use on small touchscreen devices},
  author={Parhi, Pekka and Karlson, Amy K and Bederson, Benjamin B},
  booktitle={Proceedings of the 8th conference on Human-computer interaction with mobile devices and services},
  pages={203--210},
  year={2006}
}

@article{kim2014differences,
  title={Differences in typing forces, muscle activity, comfort, and typing performance among virtual, notebook, and desktop keyboards},
  author={Kim, Jeong Ho and Aulck, Lovenoor and Bartha, Michael C and Harper, Christy A and Johnson, Peter W},
  journal={Applied ergonomics},
  volume={45},
  number={6},
  pages={1406--1413},
  year={2014},
  publisher={Elsevier}
}

@article{brooke1996sus,
  title={Sus: a “quick and dirty’usability},
  author={Brooke, John},
  journal={Usability evaluation in industry},
  volume={189},
  number={3},
  year={1996}
}

@article{brooke2013,
author = {Brooke, John},
year = {2013},
month = {01},
pages = {29-40},
title = {SUS: a retrospective},
volume = {8},
journal = {Journal of Usability Studies}
}

@inproceedings{grier2013system,
  title={The system usability scale: Beyond standard usability testing},
  author={Grier, Rebecca A and Bangor, Aaron and Kortum, Philip and Peres, S Camille},
  booktitle={Proceedings of the Human Factors and Ergonomics Society Annual Meeting},
  volume={57},
  number={1},
  pages={187--191},
  year={2013},
  organization={SAGE Publications Sage CA: Los Angeles, CA}
}

@article{lewis2018system,
  title={The system usability scale: past, present, and future},
  author={Lewis, James R},
  journal={International Journal of Human--Computer Interaction},
  volume={34},
  number={7},
  pages={577--590},
  year={2018},
  publisher={Taylor \& Francis}
}